%% This BibTeX bibliography file was created using BibDesk.
%% http://bibdesk.sourceforge.net/

%% Created for Maarten de Rijke at 2018-05-13 08:13:29 +0200 


%% Saved with string encoding Unicode (UTF-8) 



@inproceedings{shen2014webpage,
	Author = {Shen, Chengyao and Zhao, Qi},
	Authornote = {Dataset containing 149 webpages with recorded saliency data.},
	Booktitle = {European Conference on Computer Vision},
	Organization = {Springer},
	Pages = {33--46},
	Title = {Webpage saliency},
	Year = {2014}}

@inproceedings{pan2016shallow,
	Author = {Pan, Junting and Sayrol, Elisa and Giro-i-Nieto, Xavier and McGuinness, Kevin and O'Connor, Noel E},
	Authornote = {Saliency prediction model, not state of the art},
	Booktitle = {Proceedings of the IEEE Conference on Computer Vision and Pattern Recognition},
	Pages = {598--606},
	Title = {Shallow and deep convolutional networks for saliency prediction},
	Year = {2016}}

@inproceedings{buscher2009you,
	Author = {Buscher, Georg and Cutrell, Edward and Morris, Meredith Ringel},
	Authornote = {Eye tracking study for modeling saliency prediction using hand crafted features},
	Booktitle = {Proceedings of the SIGCHI conference on human factors in computing systems},
	Organization = {ACM},
	Pages = {21--30},
	Title = {What do you see when you're surfing?: using eye tracking to predict salient regions of web pages},
	Year = {2009}}

@inproceedings{fan2017learning,
	Author = {Fan, Yixing and Guo, Jiafeng and Lan, Yanyan and Xu, Jun and Pang, Liang and Cheng, Xueqi},
	Authornote = {Original paper for visual features in web search},
	Booktitle = {Proceedings of the 2017 ACM on Conference on Information and Knowledge Management},
	Date-Modified = {2018-05-13 06:09:27 +0000},
	Organization = {ACM},
	Pages = {247--256},
	Title = {Learning visual features from snapshots for web search},
	Year = {2017}}

@inproceedings{shan2017two,
	Author = {Shan, Wei and Sun, Guangling and Zhou, Xiaofei and Liu, Zhi},
	Authornote = {Model for predicting web saliency using deep learning.},
	Booktitle = {International Conference on Intelligent Science and Big Data Engineering},
	Date-Modified = {2018-05-13 06:12:31 +0000},
	Organization = {Springer},
	Pages = {316--324},
	Title = {Two-stage transfer learning of end-to-end convolutional neural networks for webpage saliency prediction},
	Year = {2017}}

@inproceedings{jiang2015salicon,
	Author = {Jiang, Ming and Huang, Shengsheng and Duan, Juanyong and Zhao, Qi},
	Authornote = {Largest available saliency dataset based on the MS COCO dataset images},
	Booktitle = {Proceedings of the IEEE conference on computer vision and pattern recognition},
	Pages = {1072--1080},
	Title = {Salicon: Saliency in context},
	Year = {2015}}

@article{morkes1997concise,
	Author = {Morkes, John and Nielsen, Jakob},
	Authornote = {Paper aimed at web content designers to aid on getting the best attention from users.},
	Journal = {Useit. com},
	Title = {Concise, scannable, and objective: How to write for the Web},
	Year = {1997}}

@misc{nielsen2006f,
	Author = {Nielsen, Jakob},
	Authornote = {Eye tracking study that showed an F-shaped Pattern in user web scanning behavior.},
	Date-Modified = {2018-05-13 06:11:13 +0000},
	Howpublished = {Jakob Nielsen's Alertbox},
	Title = {F-shaped pattern for reading web content},
	Year = {2006}}

@misc{pernice2017f,
	Author = {Pernice, Kara},
	Authornote = {Follow-up eye tracking study that showed the F-shaped Pattern is just one of many scanning patterns in user behavior.},
	Date-Modified = {2018-05-13 06:11:40 +0000},
	Howpublished = {nngroup.com},
	Title = {F-shaped pattern of reading on the web: Misunderstood, but still relevant (Even on mobile)},
	Year = {2017}}

@article{carterettemillion,
	Author = {Carterette, Ben and Pavlu, Virgil and Fang, Hui and Kanoulas, Evangelos},
	Title = {Million Query Track 2009 Overview}}

@inproceedings{faraday2000visually,
	Author = {Faraday, Pete},
	Authornote = {Study on the influence of content placement on the user viewing pattern.},
	Booktitle = {Multimedia'99},
	Organization = {Springer},
	Pages = {155--166},
	Title = {Visually critiquing web pages},
	Year = {2000}}

@inproceedings{hiemstra2010mapreduce,
	Author = {Hiemstra, Djoerd and Hauff, Claudia},
	Authornote = {The Anchor text published with this paper was used to extract the Anchortext scores.},
	Booktitle = {International Conference of the Cross-Language Evaluation Forum for European Languages},
	Organization = {Springer},
	Pages = {64--69},
	Title = {MapReduce for information retrieval evaluation:"Let's quickly test this on 12 TB of data"},
	Year = {2010}}

@article{kummerer2016deepgaze,
	Author = {K{\"u}mmerer, Matthias and Wallis, Thomas SA and Bethge, Matthias},
	Authornote = {DeepGaze II can be used out of the box and will be used as a comparison saliency model.},
	Journal = {arXiv preprint arXiv:1610.01563},
	Title = {DeepGaze II: Reading fixations from deep features trained on object recognition},
	Year = {2016}}

@article{qin2010letor,
	Author = {Qin, Tao and Liu, Tie-Yan and Xu, Jun and Li, Hang},
	Journal = {Information Retrieval},
	Number = {4},
	Pages = {346--374},
	Publisher = {Springer},
	Title = {LETOR: A benchmark collection for research on learning to rank for information retrieval},
	Volume = {13},
	Year = {2010}}

@inproceedings{collins2015trec,
	Author = {Collins-Thompson, Kevyn and Macdonald, Craig and Bennett, Paul and Diaz, Fernando and Voorhees, Ellen M},
	Booktitle = {Proceedings of The Twenty-Third Text REtrieval Conference, TREC 2014},
	Date-Modified = {2018-05-13 06:10:34 +0000},
	Publisher = {NIST},
	Title = {TREC 2014 Web Track overview},
	Year = {2015}}

@inproceedings{collins2013trec,
	Author = {Collins-Thompson, Kevyn and Bennett, Paul and Diaz, Fernando and Clarke, Charlie and Voorhees, Ellen M},
	Booktitle = {Proceedings of the Twenty-Second Text REtrieval Conference, TREC 2013},
	Date-Modified = {2018-05-13 06:10:38 +0000},
	Publisher = {NIST},
	Title = {TREC 2013 Web Track overview},
	Year = {2013}}

@book{nielsen1999designing,
	Author = {Nielsen, Jakob},
	Publisher = {New Riders Publishing},
	Title = {Designing web usability: The practice of simplicity},
	Year = {1999}}

@book{ibisdesign,
	Author = {IBISWorld},
	Title = {Web Design Services - US Market Research Report},
	Year = {February 2018}}

@article{simonyan2014very,
	Author = {Simonyan, Karen and Zisserman, Andrew},
	Journal = {arXiv preprint arXiv:1409.1556},
	Title = {Very deep convolutional networks for large-scale image recognition},
	Year = {2014}}


@article{lindgaard2006attention,
	Author = {Lindgaard, Gitte and Fernandes, Gary and Dudek, Cathy and Brown, Judith},
	Journal = {Behaviour \& information technology},
	Number = {2},
	Pages = {115--126},
	Publisher = {Taylor \& Francis},
	Title = {Attention web designers: You have 50 milliseconds to make a good first impression!},
	Volume = {25},
	Year = {2006}}

@inproceedings{sabour2017dynamic,
	Author = {Sabour, Sara and Frosst, Nicholas and Hinton, Geoffrey E},
	Booktitle = {Advances in Neural Information Processing Systems},
	Pages = {3859--3869},
	Title = {Dynamic routing between capsules},
	Year = {2017}}

@inproceedings{he2016deep,
  title={Deep residual learning for image recognition},
  author={He, Kaiming and Zhang, Xiangyu and Ren, Shaoqing and Sun, Jian},
  booktitle={Proceedings of the IEEE conference on computer vision and pattern recognition},
  pages={770--778},
  year={2016}
}

@article{wang2014eye,
	Author = {Wang, Qiuzhen and Yang, Sa and Liu, Manlu and Cao, Zike and Ma, Qingguo},
	Date-Modified = {2018-05-13 06:13:03 +0000},
	Journal = {Decision Support Systems},
	Pages = {1--10},
	Publisher = {Elsevier},
	Title = {An eye-tracking study of website complexity from cognitive load perspective},
	Volume = {62},
	Year = {2014}}

@inproceedings{allan2007million,
	Author = {Allan, James and Carterette, Ben and Aslam, Javed A and Pavlu, Virgil and Dachev, Blagovest and Kanoulas, Evangelos},
	Booktitle = {The Sixteenth Text REtrieval Conference Proceedings (TREC 2007)},
	Date-Modified = {2018-05-13 06:07:32 +0000},
	Publisher = {NIST},
	Title = {Million query track 2007 overview},
	Year = {2008}}

@inproceedings{donahue2014decaf,
	Author = {Donahue, Jeff and Jia, Yangqing and Vinyals, Oriol and Hoffman, Judy and Zhang, Ning and Tzeng, Eric and Darrell, Trevor},
	Booktitle = {International Conference on Machine Learning},
	Date-Modified = {2018-05-13 06:13:29 +0000},
	Pages = {647--655},
	Title = {Decaf: A deep convolutional activation feature for generic visual recognition},
	Year = {2014}}
