@inproceedings{shen2014webpage,
  title={Webpage saliency},
  author={Shen, Chengyao and Zhao, Qi},
  booktitle={European Conference on Computer Vision},
  pages={33--46},
  year={2014},
  organization={Springer},
  authornote={Dataset containing 149 webpages with recorded saliency data. }
}

@inproceedings{pan2016shallow,
  title={Shallow and deep convolutional networks for saliency prediction},
  author={Pan, Junting and Sayrol, Elisa and Giro-i-Nieto, Xavier and McGuinness, Kevin and O'Connor, Noel E},
  booktitle={Proceedings of the IEEE Conference on Computer Vision and Pattern Recognition},
  pages={598--606},
  year={2016},
  authornote={Saliency prediction model, not state of the art}
}

@inproceedings{buscher2009you,
  title={What do you see when you're surfing?: using eye tracking to predict salient regions of web pages},
  author={Buscher, Georg and Cutrell, Edward and Morris, Meredith Ringel},
  booktitle={Proceedings of the SIGCHI conference on human factors in computing systems},
  pages={21--30},
  year={2009},
  organization={ACM},
  authornote={Eye tracking study for modeling saliency prediction using hand crafted features}
}

@inproceedings{fan2017learning,
  title={Learning Visual Features from Snapshots for Web Search},
  author={Fan, Yixing and Guo, Jiafeng and Lan, Yanyan and Xu, Jun and Pang, Liang and Cheng, Xueqi},
  booktitle={Proceedings of the 2017 ACM on Conference on Information and Knowledge Management},
  pages={247--256},
  year={2017},
  organization={ACM},
  authornote={Original paper for visual features in web search}
}

@inproceedings{shan2017two,
  title={Two-Stage Transfer Learning of End-to-End Convolutional Neural Networks for Webpage Saliency Prediction},
  author={Shan, Wei and Sun, Guangling and Zhou, Xiaofei and Liu, Zhi},
  booktitle={International Conference on Intelligent Science and Big Data Engineering},
  pages={316--324},
  year={2017},
  organization={Springer},
  authornote={Model for predicting web saliency using deep learning. }
}

@inproceedings{jiang2015salicon,
  title={Salicon: Saliency in context},
  author={Jiang, Ming and Huang, Shengsheng and Duan, Juanyong and Zhao, Qi},
  booktitle={Proceedings of the IEEE conference on computer vision and pattern recognition},
  pages={1072--1080},
  year={2015},
  authornote={Largest available saliency dataset based on the MS COCO dataset images}
}

@article{morkes1997concise,
  title={Concise, scannable, and objective: How to write for the Web},
  author={Morkes, John and Nielsen, Jakob},
  journal={Useit. com},
  year={1997},
  authornote={Paper aimed at web content designers to aid on getting the best attention from users.}
}


@article{nielsen2006f,
  title={" F-Shaped Pattern For Reading Web Content," Jakob Nielsen's Alertbox},
  author={Nielsen, Jakob},
  year={2006},
  authornote={Eye tracking study that showed an F-shaped Pattern in user web scanning behavior.}
}

@article{pernice2017f,
  title={" F-Shaped Pattern of Reading on the Web: Misunderstood, But Still Relevant (Even on Mobile)," nngroup.com},
  author={Pernice, Kara},
  year={2017},
  authornote={Follow-up eye tracking study that showed the F-shaped Pattern is just one of many scanning patterns in user behavior.}
}


@article{qin2010letor,
  title={LETOR: A benchmark collection for research on learning to rank for information retrieval},
  author={Qin, Tao and Liu, Tie-Yan and Xu, Jun and Li, Hang},
  journal={Information Retrieval},
  volume={13},
  number={4},
  pages={346--374},
  year={2010},
  publisher={Springer},
  authornote={Dataset with various contextual features for GOV2 and the million query track.}
}

@article{carterettemillion,
  title={Million Query Track 2009 Overview},
  author={Carterette, Ben and Pavlu, Virgil and Fang, Hui and Kanoulas, Evangelos}
}

@inproceedings{faraday2000visually,
  title={Visually critiquing web pages},
  author={Faraday, Pete},
  booktitle={Multimediaâ€™99},
  pages={155--166},
  year={2000},
  organization={Springer},
  authornote={Study on the influence of content placement on the user viewing pattern.}
  
}

@inproceedings{hiemstra2010mapreduce,
  title={MapReduce for information retrieval evaluation:"Let's quickly test this on 12 TB of data"},
  author={Hiemstra, Djoerd and Hauff, Claudia},
  booktitle={International Conference of the Cross-Language Evaluation Forum for European Languages},
  pages={64--69},
  year={2010},
  organization={Springer},
  authornote={The Anchor text published with this paper was used to extract the Anchortext scores.}
}

@article{kummerer2016deepgaze,
  title={DeepGaze II: Reading fixations from deep features trained on object recognition},
  author={K{\"u}mmerer, Matthias and Wallis, Thomas SA and Bethge, Matthias},
  journal={arXiv preprint arXiv:1610.01563},
  year={2016},
  authornote={DeepGaze II can be used out of the box and will be used as a comparison saliency model.}
}

@article{qin2010letor,
  title={LETOR: A benchmark collection for research on learning to rank for information retrieval},
  author={Qin, Tao and Liu, Tie-Yan and Xu, Jun and Li, Hang},
  journal={Information Retrieval},
  volume={13},
  number={4},
  pages={346--374},
  year={2010},
  publisher={Springer}
}

@article{collins2015trec,
  title={TREC 2014 Web Track Overview},
  author={Collins-Thompson, Kevyn and Macdonald, Craig and Bennett, Paul and Diaz, Fernando and Voorhees, Ellen M},
  year={2015}
}

@article{collins2013trec,
  title={TREC 2013 Web Track Overview},
  author={Collins-Thompson, Kevyn and Bennett, Paul and Diaz, Fernando and Clarke, Charlie and Voorhees, Ellen M},
  year={2013},
  booktitle={In Proceedings of The Twenty-Second Text REtrieval Conference, TREC 2013, Gaithersburg, Maryland, USA, November 19-22, 2013}
}

@book{nielsen1999designing,
  title={Designing web usability: The practice of simplicity},
  author={Nielsen, Jakob},
  year={1999},
  publisher={New Riders Publishing}
}

@book{nielsen1999designing,
  title={Designing web usability: The practice of simplicity},
  author={Nielsen, Jakob},
  year={1999},
  publisher={New Riders Publishing}
}


@book{ibisdesign,
  title={Web Design Services - US Market Research Report},
  author={IBISWorld},
  year={February 2018},
}


@article{simonyan2014very,
  title={Very deep convolutional networks for large-scale image recognition},
  author={Simonyan, Karen and Zisserman, Andrew},
  journal={arXiv preprint arXiv:1409.1556},
  year={2014}
}